@article{SE,
	author = {Scott D. Applegate Major},
	doi = {10.1080/19393550802623214},
	eprint = {https://doi.org/10.1080/19393550802623214 },
	journal = {Information Security Journal: A Global Perspective},
	number = {1},
	pages = {40?46},
	publisher = {Taylor \& Francis},
	title = {Social Engineering: Hacking the Wetware!},
	url = { 
	https://doi.org/10.1080/19393550802623214
	
	},
	volume = {18},
	year = {2009}
}
@book{ArtOfHumanHacking,
	author = {Christopher Hadnagy},
	title = {Social Engineering: The Art of Human Hacking},
	year = {2011}
}

@book{ArtOfDeception,
	author = {Kevin D. Mitnick},
	title = {The art of deception:controlling the human elemnet of security},
	year = {2001}
}
@article{AttackFramework,
	author = {Francois Mouton, Mercia M. Malan, Louise Leenen, H.S. Venter},
	title = {Social Engineering Attack Framework},
	year = {2014}
}
@article{LeitfadenSE,
	author = {DATEV und Deutschland sicher im Netz e.V.},
	title = {Verhaltensregeln zum Thema "'Social Engineering"'},
	year = {2015}
}
@book{PhishingDarkWaters,
	author = {Christopher Hadnagy, Michele Fincher},
	title = {Phishing Dark Waters: The Offensive and Defensive Sides of Malicious E-mails},
	year = {2015}
}
@book{PhishingExposed,
	author = {Lance James},
	title = {Phshing Exposed: Uncover Secrets from the Dark Side},
	year = {2005}
}

@misc{Cyberkriminalitaet,
	author = {Bundeskriminalamt},
	editor = {Statista},
	year = {2018},
	title = {Polizeilich erfasste F\"alle von Cyberkriminalit\"at im engeren Sinne* in Deutschland von 2004 bis 2017},
	howpublished = {\url{https://de.statista.com/statistik/daten/studie/295265/umfrage/polizeilich-erfasste-faelle-von-cyberkriminalit\"at-im-engeren-sinne-in-deutschland/}},
	note = {Abrufdatum: 29.10.2018}
}
@misc{VerbraucherzentraleNW,
	author = {Verbraucherzentrale Nordrhein-Westfalen},
	editor = {Statista},
	year = {2018},
	title = {Phishing-Radar: Aktuelle Warnungen},
	howpublished = {\url{https://www.verbraucherzentrale.nrw/wissen/digitale-welt/phishingradar/phishingradar-aktuelle-warnungen-6059}},
	note = {Abrufdatum: 29.10.2018}
}
@misc{NameAlsEMail,
	author = {United Internet Media },
	editor = {Statista},
	year = {2017},
	title = {Bürgerlicher Name als E-Mail-Adresse in Österreich und der Schweiz 2017},
	howpublished = {\url{https://de.statista.com/statistik/daten/studie/745611/umfrage/buergerlicher-name-als-e-mail-adresse-in-oesterreich-und-der-schweiz/}},
	note = {Abrufdatum: 31.10.2018}
}
@misc{Inforamtionsquellen,
	author = {IfD Allensbach},
	editor = {Statista},
	year = {2018},
	title = {Meistgenutzte Informationsquellen der Bevoelkerung in Deutschland im Jahr 2018},
	howpublished = {\url{https://de.statista.com/statistik/daten/studie/171257/umfrage/normalerweise-genutzte-quelle-fuer-informationen/}},
	note = {Abrufdatum: 18.01.2019}
}
@book{WebScraping,
	author = {Ryan Mitchell},
	title = {Web Scraping with Python: Collecting Data from the Modern Web},
	year = {2015}
}
@article{SpearPhishing,
	title={Spear-phishing: how to spot and mitigate the menace},
	author={Caldwell, Tracey},
	journal={Computer Fraud \& Security},
	volume={2013},
	number={1},
	pages={11--16},
	year={2013},
	publisher={Elsevier}
}

@misc{personenbezogeneDaten,
	author = {DSGVO},
	editor = {intersoft consulting services AG},
	year = {},
	title = {Art. 4 DSGVO Begriffsbestimmungen},
	howpublished = {\url{https://dsgvo-gesetz.de/art-4-dsgvo/}},
	note = {Abrufdatum: 09.01.2019}
}
@book{Bazzell,
	author = {Bazzell, Michael},
	title = {Open Source Intelligence Techniques: Resources for Searching and Analyzing Online Information},
	year = {2018},
	isbn = {1984201573, 9781984201577},
	edition = {6th},
	publisher = {CreateSpace Independent Publishing Platform},
	address = {USA},
} 






%%% Local Variables: 
%%% mode: latex
%%% TeX-master: "Bachelorarbeit"
%%% End: 
